@IEEEtranBSTCTL{BSTcontrol,
	CTLuse_forced_etal       = "yes",
	CTLmax_names_forced_etal = "2",
	CTLnames_show_etal       = "1" }

@book{rfid_handbook,
	title = "RFID Handbook",
	author = "Klaus Finkenzeller",
	year = "2010",
	publisher = {John Wiley \& Sons, Ltd.},
	address_ = "West Sussex, United Kingdom"
}

@online{ti_fram,
	author = "Texas Instruments",
	year = "2014",
	month = "June",
	title = "Application Note SLAA628",
	url = "http://www.ti.com/lit/an/slaa628/slaa628.pdf",
	lastaccessed = "April 1, 2017",
}

@article{liu_tcomp_2015,
	author = "Xiulong {Liu} and Keqiu {Li} and Geyong {Min} and Yanming {Shen} and Alex X. {Liu} and Wenyu {Qu}",
	title = "Completely Pinpointing the Missing {RFID} Tags in a Time-efficient Way",
	journal = IEEE_J_C,
	year = " 2015",
	month = jan,
	volume = "64",
	number = "1",
	pages = " 87--96",
}

@article{liu_ton_2017,
	author = "Xiulong {Liu} and Keqiu {Li} and Alex X. {Liu} and Song {Guo} and Muhammad {Shahzad} and Ann L. {Wang} and Jie {Wu}",
	title = "Multi-category {RFID} Estimation",
	journal = IEEE_J_NET,
	year = "2017",
	month = feb,
	volume = "25",
	number = "1",
	pages = "264--277",
}

@article{liu2_ton_2017,
	author = "Xiulong {Liu} and Keqiu {Li} and Song {Guo} and Alex X. {Liu} and Peng {Li} and Kun {Wang} and Jie {Wu}",
	title = "Top-$k$ Queries for Categorized {RFID} Systems",
	journal = IEEE_J_NET,
	year = " 2017",
	month = oct,
	volume = "25",
	number = "5",
	pages = "2587--2600",
}

@article{bi:commag:2015,
	author = "Suzhi {Bi} and Chin Keong {Ho} and Rui {Zhang}",
	title = "Wireless Powered Communication: Opportunities and Challenges",
	journal = IEEE_M_COM,
	year = "2015",
	month = apr,
	volume = "53",
	number = "4",
	pages = "117--125",
}

@article{xie_wcom_2013,
	author = "Liguang {Xie} and Yi {Shi} and Y. Thomas {Hou} and Wenjing {Lou}",
	title = "Wireless Power Transfer and Applications to Sensor Networks",
	journal = IEEE_M_WC,
	volume = "20",
	number = "3",
	year = "2013",
	pages_ = "140--145",
	month = aug
}

@article{garnica_procieee_2013,
	author = "Jaime {Garnica} and Raul A. {Chinga} and Jenshan {Lin}",
	title = "Wireless Power Transmission: From Far Field to Near Field",
	journal = IEEE_J_PROC, 
	volume = "101",
	number = "6", 
	month = jun,
	pages_ = "1321--1331",
	year = "2013"
}

@online{mathlib_website,
	author = "Texas Instruments",
	year = "2016",
	title = "Floating Point Math Library for MSP430",
	url = "http://www.ti.com/tool/mspmathlib",
	lastaccessed = "April 1, 2017"
}

@inproceedings{schmid2010case,
	title={A case against routing-integrated time synchronization},
	author={Schmid, Thomas and Charbiwala, Zainul and Anagnostopoulou, Zafeiria and Srivastava, Mani B and Dutta, Prabal},
	booktitle={Proceedings of the 8th ACM Conference on Embedded Networked Sensor Systems},
	pages={267--280},
	year={2010},
	organization={ACM}
}

@article{yildirim2017adaptive,
	title={Adaptive Proportional-Integral Clock Synchronization in Wireless Sensor Networks},
	author={Y{\i}ld{\i}r{\i}m, Kas{\i}m Sinan and Carli, Ruggero and Schenato, Luca},
	journal={IEEE Transactions on Control Systems Technology},
	year={2017},
	publisher={IEEE}
}

@article{schmid2010interaction,
	title={On the interaction of clocks, power, and synchronization in duty-cycled embedded sensor nodes},
	author={Schmid, Thomas and Shea, Roy and Charbiwala, Zainul and Friedman, Jonathan and Srivastava, Mani B and Cho, Young H},
	journal={ACM Transactions on Sensor Networks (TOSN)},
	volume={7},
	number={3},
	pages={24},
	year={2010},
	publisher={ACM}
}

@article{colin2016energy,
	title={An energy-interference-free hardware-software 
	debugger for 
	intermittent energy-harvesting systems},
	author={Colin, Alexei and Harvey, Graham and Lucia, Brandon and Sample, 
	Alanson P},
	journal={ACM SIGPLAN Notices},
	volume={51},
	number={4},
	pages={577--589},
	year={2016},
	publisher={ACM}
}

@inproceedings{fu2013minimizing,
	title = {Minimizing Charging Delay in Wireless Rechargeable Sensor Networks},
	author = {Lingkun {Fu} and Peng {Cheng} and Yu {Gu} and Jiming {Chen} and Tian {He}},
	booktitle = {Proc. IEEE INFOCOM},
	pages_ = {2922--2930},
	address_ = "Turin, Italy",
	month = {Apr. 14--19},
	year = {2013},
	organization_ = {IEEE}
}

@article{liu2013ambient,
	title={Ambient backscatter: wireless communication out of 
	thin air},
	author={Liu, Vincent and Parks, Aaron and Talla, Vamsi and Gollakota, Shyamnath and Wetherall, David and Smith, Joshua R},
	journal={ACM SIGCOMM Computer Communication Review},
	volume={43},
	number={4},
	pages={39--50},
	year={2013},
	publisher={ACM}
}

@misc{ti_css,
	title = {Texas Instruments Code Composer Studio - Integrated Development Environment},
	howpublished = {\url{http://www.ti.com/tool/ccstudio}},
}

@misc{saleae,
	title = {Saleae Logic Analyzer},
	howpublished = {\url{http://www.saleae.com}},
}

@inproceedings{stork:2017,
	author          = {Henko Aantjes and Amjad Y. Majid and Przemyslaw 
	Pawelczak and Aaron Parks and Joshua R. Smith},
	title           = {Fast Downstream to Many (Computational) RFIDs},
	booktitle       = {Proc. IEEE INFOCOM 2017 (accepted)},
	month = {November 2017},
}

@inproceedings{wisent:2016,
	author          = {Jethro Tan and Przemyslaw Pawelczak and Aaron Parks and 
	Joshua R. 
	Smith},
	title           = {Wisent: Robust Downstream Communication and Storage for 
	Computational RFIDs},
	booktitle       = {Proc. INFOCOM 2016},
	year            = {2016},
	month           = {10-15 April},
	address_         = {San Francisco, CA, USA},
}
@INPROCEEDINGS{levis:tinyos,
	author = {P. Levis and S. Madden and J. Polastre and R. Szewczyk and K. 
	Whitehouse and A. Woo and D. Gay and J. Hill and M. Welsh and E. Brewer and 
	D. Culler},
	title = {TinyOS: An operating system for sensor networks},
	booktitle = {in Ambient Intelligence},
	year = {2004},
	publisher = {Springer Verlag},
}

@electronic{msp430fr5969_data_sheet,
	author = "{Texas Instruments}",
	title = "MSP430FR59xx Mixed-Signal Microcontrollers",
	year = "2015",
	url = "http://www.ti.com/lit/gpn/MSP430FR5969",
}

@electronic{chipcon:cc2420,
	author = "{Texas Instruments}",
	title = "CC2420	(NRND): Single-Chip 2.4 GHz IEEE 802.15.4 Compliant and 
	ZigBee Ready RF Transceiver",
	year = "2015",
	url = "http://www.ti.com/product/CC2420",
}

@INPROCEEDINGS{wispcam_2015, 
	author={Naderiparizi, S. and Parks, A.N. and Kapetanovic, Z. and Ransford, B. and Smith, J.R.}, 
	booktitle={Proc. IEEE RFID}, 
	title="{WISPCam: A battery-free RFID camera}", 
	year={2015},  
	month={Apr. 15--17},
	address_ = {San Diego, CA, USA},
}

@INPROCEEDINGS{60ghz, 
	author={Hao Gao and Matters-Kammerer, M.K. and Harpe, P. and Milosevic, D. and van Roermund, A. and Linnartz, J.-P. and Baltus, P.G.M.}, 
	booktitle={Proc. IEEE ISCAS}, 
	title="{A 60-{GHz} energy harvesting module with on-chip 
	antenna and switch for co-integration with ULP radios in 
	65-nm CMOS with fully wireless mm-wave power transfer 
	measurement}",
	year={2014},
	month = {June 1--5},
	address_= {Melbourne, Australia},
}

@ARTICLE{emergence, 
	author={S. Gollakota and Reynolds, M.S. and Smith, J.R. and Wetherall, D.J.}, 
	journal={Computer}, 
	title="The Emergence of {RF}-Powered Computing", 
	year={2014}, 
	volume={47}, 
	number={1}, 
	pages={32--39}, 
	month=jan,
}

@ARTICLE{wisp, 
	author={Sample, A.P. and Yeager, D.J. and Powledge, P.S. 
	and Mamishev, A.V. and Smith, J.R.}, 
	journal=IEEE_J_IM, 
	title="{Design of an {RFID}-Based Battery-Free Programmable 
	Sensing Platform}", 
	year={2008}, 
	volume={57}, 
	number={11}, 
	pages={2608--2615}, 
	month=nov,
}

@inproceedings{ransford:2008,
	author = {Ransford, Benjamin and Clark, Shane and Salajegheh, Mastooreh and Fu, Kevin},
	title = "{Getting Things Done on Computational RFIDs with Energy-aware Checkpointing and Voltage-aware Scheduling}",
	booktitle = {Proc. HotPower},
	year = {2008},
	month = {Dec.},
	address_ = {San Diego, CA, USA},
} 

@book{booksmith2013,
	title={Wirelessly Powered Sensor Networks and Computational RFID},
	author={Smith, Joshua R},
	year={2013},
	publisher={Springer Science \& Business Media},
}

@article{epc_gen2,
	title="{EPC Radio-Frequency Identity Protocols Generation-2 UHF RFID; 
	Specification for RFID Air Interface Protocol for Communications at 860 
	MHz--960 MHz Ver. 2.0.1}",
	year={2015},
	url={http://www.gs1.org/},
}

@inproceedings{cameralocalize_2015,
	author = {Naderiparizi, Saman and Zhao, Yi and Youngquist, James and Sample, Alanson P. and Smith, Joshua R.},
	title = "{Self-localizing Battery-free Cameras}",
	booktitle = {Proc. UbiComp},
	year = {2015},
	month= {Sept. 7--11},
	address_ = {Osaka, Japan},
}

@INPROCEEDINGS{reader_sync, 
	author={Kin Seong Leong and Mun Leng Ng and Grasso, A.R. and Cole, P.H.}, 
	booktitle={Proc. SAINTW}, 
	title="{Synchronization of RFID readers for dense RFID reader environments}", 
	year={2006}, 
	month={Jan. 23--27},
	address_ = {Phoenix, AZ, USA},
}

 @InProceedings{Lenzen2009Optimal,
 	author = {Christoph Lenzen and  Philipp Sommer and  Roger Wattenhofer},
 	title =  {{Optimal Clock Synchronization in Networks}},
 	booktitle =  {{Proc. ACM SenSys}},
 	month =  {Nov. 4--6},
 	year =   {2009},
 	address_ = {Berkeley, CA, USA},
 }
 
 @inproceedings{Maroti2004,
 	author = {Mar\'{o}ti, Mikl\'{o}s and Kusy, Branislav and Simon, Gyula and L\'{e}deczi, \'{A}kos},
 	title = {The flooding time synchronization protocol},
 	booktitle = {Proc. ACM SenSys},
 	year = {2004},
 	month = {Nov. 3--5},
 	address_ = {Baltimore, MD, USA},
 }
 
 @article{SchenatoFiorentin:2011,
 	author="L. Schenato and F. Fiorentin",
 	title="{Average TimeSynch: a consensus-based protocol for time synchronization in wireless sensor networks}",
 	journal="Automatica",
 	year="2011",
 	pages="1878-1886",
 	volume="47",
 	number="9",
 }
 
@InProceedings{Sommer2009Gradient,
	author =	{Philipp Sommer and Roger Wattenhofer},
	title =	{{Gradient Clock Synchronization in Wireless Sensor Networks}},
	booktitle =	{{Proc. IPSN}},
	month =	{Apr. 13--16},
	year =	{2009},
	address_ = {San Francisco, USA},
}

@electronic{sllrp_github,
	author = "Ben Ransford",
	title = "LLRP Library Controller",
	year = "2015",
	url = "https://github.com/ransford/sllurp",
}

@INPROCEEDINGS{pi2015, 
	author={Yildirim, K.S. and Carli, R. and Schenato, L.}, 
	booktitle={Proc. ECC'15}, 
	title="{Adaptive control-based clock synchronization in wireless sensor networks}", 
	year={2015},
	month={July 15--17},
	address_={Linz, Austria},
}

@book{karl2007protocols,
	title={Protocols and Architectures for Wireless Sensor Networks},
	author={Karl, H. and Willig, A.},
	year={2007},
	publisher={Wiley},
}

@article{llrp,
	title="{LLRP Ver. 1.1}",
	year={2015},
	url = {http://www.gs1.org},
}

@article{gnuradio,
	title={The gnu software radio},
	url={https://gnuradio.org},
	year={2007}
}

@inproceedings{ambient_backscatter,
	author = {Liu, Vincent and Parks, Aaron and Talla, Vamsi and Gollakota, Shyamnath and Wetherall, David and Smith, Joshua R.},
	title = "{Ambient Backscatter: Wireless Communication out of Thin Air}",
	booktitle = {Proc. ACM SIGCOMM},
	month={Aug. 12--16},
	year={2013},
	address_={Hong Kong, China},
} 

@inproceedings{blisp,
	author = "Ivar in 't {Veen} and Qingzhi {Liu} and Przemys{\l}aw
	{Pawe{\l}czak} and Aaron N. {Parks} and Joshua R. {Smith}",
	title = "{BLISP}: Enhancing Backscatter Radio with Active Radio for
	Computational {RFIDs}",
	booktitle={In Proc. 2016 IEEE International Conference on RFID (RFID)}, 
	year={2016}, 
	pages={1-4}, 
	month={May},
}

@INPROCEEDINGS{neuralWISP, 
	author={J. Holleman and D. Yeager and R. Prasad and J. R. Smith and B. Otis}, 
	booktitle={Proc. IEEE BioCAS}, 
	title="{NeuralWISP: An energy-harvesting wireless neural interface with 1-m range}", 
	year={2008}, 
	month={Nov. 20--22},
	address_ = {Baltimore, MD, USA},}

@inproceedings{ekhonet,
	author = {Zhang, Pengyu and Hu, Pan and Pasikanti, Vijay and Ganesan, Deepak},
	title = {EkhoNet: High Speed Ultra Low-power Backscatter for Next Generation Sensors},
	booktitle = {Proc. ACM MobiCom},
	year = {2014},
	month={Sept. 7--11},
	address_ = {Maui, Hawaii, USA},

} 

@inproceedings{Schmid:2010,
	author = {Schmid, Thomas and Dutta, Prabal and Srivastava, Mani B.},
	title = {High-resolution, Low-power Time Synchronization an Oxymoron No 
	More},
	booktitle = {Proc. IPSN '10},
	year = {2010},
	month= {April 12--16},
	address_ = {Stockholm, Sweden},
} 

@ARTICLE{Schmid:2009, 
	author={T. Schmid and Z. Charbiwala and R. Shea and M. B. Srivastava}, 
	journal=IEEE_J_ES, 
	title={Temperature Compensated Time Synchronization}, 
	year={2009}, 
	volume={1}, 
	number={2}, 
	pages={37-41},  
	ISSN={1943-0663}, 
	month=aug,}

@article{Lenzen:2015,
	author = {Lenzen, Christoph and Sommer, Philipp and Wattenhofer, Roger},
	title = {PulseSync: An Efficient and Scalable Clock Synchronization 
	Protocol},
	journal = IEEE_J_NET,
	issue_date = {June 2015},
	volume = {23},
	number = {3},
	month = jun,
	year = {2015},
	issn = {1063-6692},
	pages = {717--727},
} 

@article{Yildirim:AVTS:2014,
	author={Yildirim, Kasim Sinan and G{\"u}rcan, {\"O}nder},
	journal=IEEE_J_WCOM ,
	title={Efficient Time Synchronization in a Wireless Sensor Network by 
	Adaptive Value Tracking},
	year={2014}, 
	volume={13}, 
	number={7}, 
	pages={3650-3664},
	doi={10.1109/TWC.2014.2316168}, 
	ISSN={1536-1276}, 
	month=jul,
}

@article{Yildirim:External:2014,
	author={Yildirim, Kasim Sinan and Kantarci, Aylin},
	journal=IEEE_J_PDS,
	title={External Gradient Time Synchronization in Wireless Sensor Networks},
	year={2014},
	month=mar,
	volume={25},
	number={3},
	pages={633-641},
	ISSN={1045-9219},}

@inproceedings{TATS:2016,
	author = {Lim, Roman and Maag, Balz and Thiele, Lothar},
	title = {Time-of-Flight Aware Time Synchronization for Wireless Embedded 
	Systems},
	booktitle = {Proc. EWSN'16},
	year = {2016},
	month = {February},
	address_ = {Graz, Austria},
} 

@ARTICLE{Yildirim:Gradient:2016, 
	author={Yildirim, Kasim Sinan}, 
	journal={IEEE Sensors Journal}, 
	title={Gradient Descent Algorithm Inspired Adaptive Time Synchronization in 
	Wireless Sensor Networks}, 
	year={2016}, 
	volume={16}, 
	number={13}, 
	pages={5463-5470}, 
	ISSN={1530-437X}, 
	month={July},}

@INPROCEEDINGS{Huang:2013:PSR,
	author={Hao Huang and Jihoon Yun and Ziguo Zhong and Songmin Kim and Tian He},
	booktitle={Proc. INFOCOM, 2013},
	title={PSR: Practical synchronous rendezvous in low-duty-cycle wireless networks},
	year={2013},
	month = {April},
	}

@INPROCEEDINGS{Zhong:2011:On-demand,
	author={Ziguo Zhong and Pengpeng Chen and Tian He},
	booktitle={Proc. INFOCOM, 2011},
	title={On-demand time synchronization with predictable accuracy},
	year={2011},
	month = {April 10--15},
	address_={Shanghai, China},
}

@inproceedings{Ransford:2011:Mementos,
	author = {Ransford, Benjamin and Sorber, Jacob and Fu, Kevin},
	title = {Mementos: System Support for Long-running Computation on 
	RFID-scale Devices},
	booktitle = {Proc. ASPLOS XVI},
	year = {2011},
	month = {March 05--11},
	location = {Newport Beach, California, USA},
} 

@inproceedings{Buettner:2011:Dewdrop,
	author = {Buettner, Michael and Greenstein, Ben and Wetherall, David},
	title = {Dewdrop: An Energy-aware Runtime for Computational RFID},
	booktitle = {Proc. NSDI'11},
	year = {2011},
	address_ = {Boston, MA},
} 

@inproceedings{Lucia:2015:Execution,
	author = {Lucia, Brandon and Ransford, Benjamin},
	title = {A Simpler, Safer Programming and Execution Model for Intermittent 
	Systems},
	booktitle = {Proc. PLDI 2015},
	year = {2015},
	month = {June 13--17},
	address_ = {Portland, OR, USA},
} 

@inproceedings{Colin:2016:Debugger,
	author = {Colin, Alexei and Harvey, Graham and Lucia, Brandon and Sample, 
	Alanson P.},
	title = {An Energy-interference-free Hardware-Software Debugger for 
	Intermittent Energy-harvesting Systems},
	booktitle = {Proc. ASPLOS'16},
	year = {2016},
	month ={April 02--06},
	address_ = {Atlanta, Georgia, USA},
} 

@article{hlpc2016,
	author    = {Kas{\i}m Sinan Y{\i}ld{\i}r{\i}m and Henko Aantjes and
	 Amjad Yousef Majid and Przemys{\l}aw Pawe{\l}czak},
	title     = {On the 
	Synchronization 
	of Intermittently Powered Wireless Embedded Systems},
	journal   = {CoRR},
	volume    = {abs/1606.01719},
	year      = {2016},
	url       = {http://arxiv.org/abs/1606.01719},
}

@book{book-SheldonRoss,
	author = {Sheldon M. Ross},
	title = {Introduction to Probability and Statistics for Engineers and 
	Scientists, Third Edition},
	year = {2004},
	isbn = { 0-12-598057-4 },
	publisher = {Elsevier Academic Press},
}

@book{book-luenberger,
	title={Introduction to Dynamic Systems: Theory, Models, and Applications},
	author={Luenberger, D.G.},
	isbn={9780471025948},
	year={1979},
	publisher={Wiley}
}